@INPROCEEDINGS{BibtexKey,
author={Brad Pitt and Angelina Jolie},
booktitle={Proceedings of the Desperate Single Research Students in NTU, 20whateverteen},
title={A Guide to Find Your Bride},
year={20whateverteen},
pages={xxx-xxx},
keywords={Holiday;Yey!;SupIsNotHere;CatGoneMouseCanPlay;ScrewResearch;ThaiMassage;GettingWasted;ThaiChicks;ThaiFood;StayUpAllNight;UseCondoms;ThisIsWhatICallLife;AmISerious;DoingPhD;Really;FML},}

@article{wyner1998introduction,
  title={Introduction to ‘Communication in the presence of noise’by CE Shannon},
  author={Wyner, Aaron D and Shamai, Shlomo},
  journal={Proc. IEEE},
  volume={86},
  number={2},
  pages={442--446},
  year={1998}
}

@article{larsson2008cognitive,
  title={Cognitive radio in a frequency-planned environment: some basic limits},
  author={Larsson, Erik G and Skoglund, Mikael},
  journal={Wireless Communications, IEEE Transactions on},
  volume={7},
  number={12},
  pages={4800--4806},
  year={2008},
  publisher={IEEE}
}

@inproceedings{sahai2004some,
  title={Some fundamental limits on cognitive radio},
  author={Sahai, Anant and Hoven, Niels and Tandra, Rahul},
  booktitle={Allerton Conference on Communication, Control, and Computing},
  pages={1662--1671},
  year={2004},
  organization={Monticello, Illinois}
}

@article{dasgupta1999elementary,
  title={An elementary proof of the Johnson-Lindenstrauss lemma},
  author={Dasgupta, Sanjoy and Gupta, Anupam},
  journal={International Computer Science Institute, Technical Report},
  pages={99--006},
  year={1999},
  publisher={Citeseer}
}

%%%%%%%%%%%%%%%%%%%%%%%%%%%%%%%%%%%%%%%%%%%%%%%%%%%%%%%%%%
@article{regazzoni2001special,
  title={Special issue on video communications, processing, and understanding for third generation surveillance systems},
  author={Regazzoni, C.S. and Ramesh, V. and Foresti, G.L.},
  journal={Proceedings of the IEEE},
  volume={89},
  number={10},
  pages={1355--1367},
  year={2001},
  publisher={Institute of Electrical and Electronics Engineers}
}

@book{foresti2000multimedia,
  title={Multimedia video-based surveillance systems: Requirements, issues, and solutions},
  author={Foresti, G.L. and M{\"a}h{\"o}nen, P.},
  volume={573},
  year={2000},
  publisher={Springer}
}

@article{roller1993model,
  title={Model-based object tracking in monocular image sequences of road traffic scenes},
  author={Roller, D. and Daniilidis, K. and Nagel, H.H.},
  journal={International Journal of Computer Vision},
  volume={10},
  number={3},
  pages={257--281},
  year={1993},
  publisher={Springer}
}

@inproceedings{boyd1999statistical,
  title={Statistical tracking in video traffic surveillance},
  author={Boyd, J.E. and Meloche, J. and Vardi, Y.},
  booktitle={Computer Vision, 1999. The Proceedings of the Seventh IEEE International Conference on},
  volume={1},
  pages={163--168},
  year={1999},
  organization={IEEE}
}

@article{blosseville1999image,
  title={Image processing for traffic management},
  author={Blosseville, J.M.},
  journal={Advanced videobased surveillance systems},
  pages={67--75},
  year={1999}
}

@book{regazzoni1998advanced,
  title={Advanced video-based surveillance systems},
  author={Regazzoni, C.S. and Fabri, G. and Vernazza, G.},
  volume={488},
  year={1998},
  publisher={Springer}
}

@inproceedings{foresti1999monitoring,
  title={Monitoring motorway infrastructures for detection of dangerous events},
  author={Foresti, GL and Pani, B.},
  booktitle={Image Analysis and Processing, 1999. Proceedings. International Conference on},
  pages={1144--1147},
  year={1999},
  organization={IEEE}
}

@inproceedings{sanderson1997target,
  title={Target identification in complex maritime scenes},
  author={Sanderson, JG and Teal, MK and Ellis, TJ},
  booktitle={Image Processing and Its Applications, 1997., Sixth International Conference on},
  volume={2},
  pages={463--467},
  year={1997},
  organization={IET}
}

@inproceedings{ince1997design,
  title={The design and computer simulation of a maritime surveillance system},
  author={Ince, AN and Topuz, E.},
  booktitle={Radar 97 (Conf. Publ. No. 449)},
  pages={653--656},
  year={1997},
  organization={IET}
}

@inproceedings{olsen1995operational,
  title={Operational use of RADARSAT SAR for marine monitoring and surveillance},
  author={Olsen, R.B. and Bugden, P. and Andrade, Y. and Hoyt, P. and Lewis, M. and Edel, H. and Bjerkelund, C.},
  booktitle={Geoscience and Remote Sensing Symposium, 1995. IGARSS'95.'Quantitative Remote Sensing for Science and Applications', International},
  volume={1},
  pages={224--226},
  year={1995},
  organization={IEEE}
}

@article{lynn1993application,
  title={The application of automatic surface lights to improve airport safety},
  author={Lynn, EF},
  journal={Aerospace and Electronic Systems Magazine, IEEE},
  volume={8},
  number={3},
  pages={14--20},
  year={1993},
  publisher={IEEE}
}

@inproceedings{galati1995advanced,
  title={Advanced integrated architecture for airport ground movements surveillance},
  author={Galati, G. and Ferri, M. and Mariano, P. and Marti, F.},
  booktitle={Radar Conference, 1995., Record of the IEEE 1995 International},
  pages={282--287},
  year={1995},
  organization={IEEE}
}

@inproceedings{braasch2000laas,
  title={LAAS operations in support of airport surface movement, guidance, control, and surveillance: initial test results},
  author={Braasch, M. and DiBenedetto, M. and Braasch, S. and Thomas, R.},
  booktitle={Position Location and Navigation Symposium, IEEE 2000},
  pages={82--89},
  year={2000},
  organization={IEEE}
}

@article{lin1998building,
  title={Building detection and description from a single intensity image},
  author={Lin, C. and Nevatia, R.},
  journal={Computer vision and image understanding},
  volume={72},
  number={2},
  pages={101--121},
  year={1998},
  publisher={Elsevier}
}

@article{vergara2000automatic,
  title={Automatic signal detection applied to fire control by infrared digital signal processing},
  author={Vergara, L. and Bernabeu, P.},
  journal={Signal processing},
  volume={80},
  number={4},
  pages={659--669},
  year={2000},
  publisher={Elsevier}
}

@inproceedings{cattle1995use,
  title={The use of digital CCTV in an airport car-park application},
  author={Cattle, MJ},
  booktitle={Security Technology, 1995. Proceedings. Institute of Electrical and Electronics Engineers 29th Annual 1995 International Carnahan Conference on},
  pages={180--185},
  year={1995},
  organization={IEEE}
}

@inproceedings{bederson1992miniaturized,
  title={A miniaturized active vision system},
  author={Bederson, B.B. and Wallace, R.S. and Schwartz, E.L.},
  booktitle={Pattern Recognition, 1992. Vol. IV. Conference D: Architectures for Vision and Pattern Recognition, Proceedings., 11th IAPR International Conference on},
  pages={58--61},
  year={1992},
  organization={IEEE}
}

@inproceedings{draper1999tracking,
  title={Tracking and identification of distant missiles by remote sounding},
  author={Draper, J.S. and Perlman, S. and Chuang, CK and Hanson, M. and Lillard, L. and Hibbeln, B. and Sene, D.},
  booktitle={Aerospace Conference, 1999. Proceedings. 1999 IEEE},
  volume={4},
  pages={333--341},
  year={1999},
  organization={IEEE}
}

@inproceedings{van1999aircraft,
  title={Aircraft self reports for military air surveillance},
  author={Van Sickle, G.A.},
  booktitle={Digital Avionics Systems Conference, 1999. Proceedings. 18th},
  volume={2},
  pages={6--D},
  year={1999},
  organization={IEEE}
}

@inproceedings{peters1998sensor,
  title={Sensor link protocol: linking sensor systems to the digital battlefield},
  author={Peters, B. and Meehan, J. and Miller, D. and Moore, D.},
  booktitle={Military Communications Conference, 1998. MILCOM 98. Proceedings., IEEE},
  volume={3},
  pages={919--923},
  year={1998},
  organization={IEEE}
}

@article{fennell1998battlefield,
  title={Battlefield awareness via synergistic SAR and MTI exploitation},
  author={Fennell, MT and Wishner, R.P.},
  journal={Aerospace and Electronic Systems Magazine, IEEE},
  volume={13},
  number={2},
  pages={39--43},
  year={1998},
  publisher={IEEE}
}

@article{haritaoglu2000w,
  title={W< sup> 4</sup>: real-time surveillance of people and their activities},
  author={Haritaoglu, I. and Harwood, D. and Davis, L.S.},
  journal={Pattern Analysis and Machine Intelligence, IEEE Transactions on},
  volume={22},
  number={8},
  pages={809--830},
  year={2000},
  publisher={IEEE}
}

@inproceedings{hongeng2000representation,
  title={Representation and optimal recognition of human activities},
  author={Hongeng, S. and Br{\'e}mond, F. and Nevatia, R.},
  booktitle={Computer Vision and Pattern Recognition, 2000. Proceedings. IEEE Conference on},
  volume={1},
  pages={818--825},
  year={2000},
  organization={IEEE}
}

@inproceedings{gavrilla1999analysis,
  title={The analysis of human motion and its application for visual surveillance},
  author={Gavrilla, DM},
  booktitle={Visual Surveillance, 1999. Second IEEE Workshop on,(VS'99)},
  pages={3--5},
  year={1999},
  organization={IEEE}
}

@article{oliver2000bayesian,
  title={A Bayesian computer vision system for modeling human interactions},
  author={Oliver, N.M. and Rosario, B. and Pentland, A.P.},
  journal={Pattern Analysis and Machine Intelligence, IEEE Transactions on},
  volume={22},
  number={8},
  pages={831--843},
  year={2000},
  publisher={IEEE}
}

@article{galata2001learning,
  title={Learning variable-length Markov models of behavior},
  author={Galata, A. and Johnson, N. and Hogg, D.},
  journal={Computer Vision and Image Understanding},
  volume={81},
  number={3},
  pages={398--413},
  year={2001},
  publisher={Elsevier}
}

@inproceedings{freer1997automatic,
  title={Automatic intruder detection incorporating intelligent scene monitoring with video surveillance},
  author={Freer, JA and Beggs, BJ and Fernandez-Canque, HL and Chevrier, F. and Goryashko, A.},
  booktitle={Security and Detection, 1997. ECOS 97., European Conference on},
  pages={109--113},
  year={1997},
  organization={IET}
}

@ARTICLE{ADVISE2007,
  author =       {Homeland Security revives supersnoop},
  title =        {ADVISE},
  journal =      {The Washington Times},
  year =         {2007},
  month =        {March},
}

@inproceedings{hampapur2004s3,
  title={S3-r1: The ibm smart surveillance system-release 1},
  author={Hampapur, A. and Brown, L. and Connell, J. and Haas, N. and Lu, M. and Merkl, H. and Pankanti, S. and Senior, A. and Shu, C.F. and Tian, Y.},
  booktitle={Proceedings of the 2004 ACM SIGMM workshop on Effective telepresence},
  pages={59--62},
  year={2004},
  organization={ACM}
}

@article{thrun2011google,
  title={Google’s driverless car},
  author={Thrun, S.},
  journal={Ted Talk, Ed},
  year={2011}
}

@inproceedings{siebel2004advisor,
  title={The advisor visual surveillance system},
  author={Siebel, N.T. and Maybank, S.},
  booktitle={ECCV 2004 workshop Applications of Computer Vision (ACV)},
  volume={1},
  year={2004},
  organization={Citeseer}
}

@inproceedings{davis1998visual,
  title={Visual surveillance and monitoring},
  author={Davis, L. and Chelappa, R. and Rosenfeld, A. and Harwood, D. and Haritaoglu, I. and Cutler, R.},
  booktitle={DARPA Image Understanding Workshop},
  pages={73--76},
  year={1998}
}

@article{hu2004survey,
  title={A survey on visual surveillance of object motion and behaviors},
  author={Hu, W. and Tan, T. and Wang, L. and Maybank, S.},
  journal={Systems, Man, and Cybernetics, Part C: Applications and Reviews, IEEE Transactions on},
  volume={34},
  number={3},
  pages={334--352},
  year={2004},
  publisher={IEEE}
}

@article{pahlavan1994wireless,
  title={Wireless data communications},
  author={Pahlavan, K. and Levesque, A.H.},
  journal={Proceedings of the IEEE},
  volume={82},
  number={9},
  pages={1398--1430},
  year={1994},
  publisher={IEEE}
}

@inproceedings{sacchi1999remote,
  title={Remote cable-based video surveillance applications: the AVS-RIO project},
  author={Sacchi, C. and Regazzoni, C.S. and Dambra, C.},
  booktitle={Image Analysis and Processing, 1999. Proceedings. International Conference on},
  pages={1214--1215},
  year={1999},
  organization={IEEE}
}

@article{foresti1998object,
  title={Object detection and tracking in time-varying and badly illuminated outdoor environments},
  author={Foresti, G.L.},
  journal={Optical Engineering},
  volume={37},
  number={9},
  pages={2550--2564},
  year={1998},
  publisher={International Society for Optics and Photonics}
}

@inproceedings{marchand1999robust,
  title={Robust real-time visual tracking using a 2D-3D model-based approach},
  author={Marchand, E. and Bouthemy, P. and Chaumette, F. and Moreau, V.},
  booktitle={Computer Vision, 1999. The Proceedings of the Seventh IEEE International Conference on},
  volume={1},
  pages={262--268},
  year={1999},
  organization={IEEE}
}

@article{lowe1992robust,
  title={Robust model-based motion tracking through the integration of search and estimation},
  author={Lowe, D.G.},
  journal={International Journal of Computer Vision},
  volume={8},
  number={2},
  pages={113--122},
  year={1992},
  publisher={Springer}
}

@article{haanpaa1997advanced,
  title={An advanced haptic system for improving man-machine interfaces},
  author={Haanpaa, D.P. and Boston, G.P.},
  journal={Computers \& Graphics},
  volume={21},
  number={4},
  pages={443--449},
  year={1997},
  publisher={Elsevier}
}

@article{bjontegaard1996comparison,
  title={A comparison of different coding formats for digital coding of video using mpeg-2},
  author={Bjontegaard, G. and Lillevold, K.O. and Danielsen, R.},
  journal={Image Processing, IEEE Transactions on},
  volume={5},
  number={8},
  pages={1271--1276},
  year={1996},
  publisher={IEEE}
}

@article{cheng2000partial,
  title={Partial encryption of compressed images and videos},
  author={Cheng, H. and Li, X.},
  journal={Signal Processing, IEEE Transactions on},
  volume={48},
  number={8},
  pages={2439--2451},
  year={2000},
  publisher={IEEE}
}

@article{kim2010intelligent,
  title={Intelligent visual surveillance—A survey},
  author={Kim, I.S. and Choi, H.S. and Yi, K.M. and Choi, J.Y. and Kong, S.G.},
  journal={International Journal of Control, Automation and Systems},
  volume={8},
  number={5},
  pages={926--939},
  year={2010},
  publisher={Springer}
}

@inproceedings{bevilacqua2006high,
  title={High-quality real time motion detection using ptz cameras},
  author={Bevilacqua, A. and Azzari, P.},
  booktitle={Video and Signal Based Surveillance, 2006. AVSS'06. IEEE International Conference on},
  pages={23--23},
  year={2006},
  organization={IEEE}
}

@article{foresti2003robust,
  title={A robust feature tracker for active surveillance of outdoor scenes},
  author={Foresti, G.L. and Micheloni, C.},
  journal={Electronic Letters on Computer Vision and Image Analysis},
  volume={1},
  number={1},
  pages={21--34},
  year={2003}
}

@inproceedings{hager2004multiple,
  title={Multiple kernel tracking with SSD},
  author={Hager, G.D. and Dewan, M. and Stewart, C.V.},
  booktitle={Computer Vision and Pattern Recognition, 2004. CVPR 2004. Proceedings of the 2004 IEEE Computer Society Conference on},
  volume={1},
  pages={I--790},
  year={2004},
  organization={IEEE}
}

@article{kalal2012tracking,
  title={Tracking-learning-detection},
  author={Kalal, Z. and Mikolajczyk, K. and Matas, J.},
  journal={Pattern Analysis and Machine Intelligence, IEEE Transactions on},
  volume={34},
  number={7},
  pages={1409--1422},
  year={2012},
  publisher={IEEE}
}

@article{breitenstein2011online,
  title={Online multiperson tracking-by-detection from a single, uncalibrated camera},
  author={Breitenstein, M.D. and Reichlin, F. and Leibe, B. and Koller-Meier, E. and Van Gool, L.},
  journal={Pattern Analysis and Machine Intelligence, IEEE Transactions on},
  volume={33},
  number={9},
  pages={1820--1833},
  year={2011},
  publisher={IEEE}
}

@article{grossberg1987competitive,
  title={Competitive learning: From interactive activation to adaptive resonance},
  author={Grossberg, S.},
  journal={Cognitive science},
  volume={11},
  number={1},
  pages={23--63},
  year={1987},
  publisher={Elsevier}
}

@article{stauffer2000learning,
  title={Learning patterns of activity using real-time tracking},
  author={Stauffer, C. and Grimson, W.E.L.},
  journal={Pattern Analysis and Machine Intelligence, IEEE Transactions on},
  volume={22},
  number={8},
  pages={747--757},
  year={2000},
  publisher={IEEE}
}

@article{lee2005effective,
  title={Effective Gaussian mixture learning for video background subtraction},
  author={Lee, D.S.},
  journal={Pattern Analysis and Machine Intelligence, IEEE Transactions on},
  volume={27},
  number={5},
  pages={827--832},
  year={2005},
  publisher={IEEE}
}

@inproceedings{moravec1979visual,
  title={Visual mapping by a robot rover},
  author={Moravec, H.P.},
  booktitle={Proceedings of the 6th international joint conference on Artificial intelligence-Volume 1},
  pages={598--600},
  year={1979},
  organization={Morgan Kaufmann Publishers Inc.}
}

@inproceedings{harris1988combined,
  title={A combined corner and edge detector},
  author={Harris, C. and Stephens, M.},
  booktitle={Alvey vision conference},
  volume={15},
  pages={50},
  year={1988},
  organization={Manchester, UK}
}

@article{shi2000normalized,
  title={Normalized cuts and image segmentation},
  author={Shi, J. and Malik, J.},
  journal={Pattern Analysis and Machine Intelligence, IEEE Transactions on},
  volume={22},
  number={8},
  pages={888--905},
  year={2000},
  publisher={IEEE}
}

@article{lowe2004distinctive,
  title={Distinctive image features from scale-invariant keypoints},
  author={Lowe, D.G.},
  journal={International journal of computer vision},
  volume={60},
  number={2},
  pages={91--110},
  year={2004},
  publisher={Springer}
}

@article{bay2008speeded,
  title={Speeded-up robust features (SURF)},
  author={Bay, H. and Ess, A. and Tuytelaars, T. and Van Gool, L.},
  journal={Computer vision and image understanding},
  volume={110},
  number={3},
  pages={346--359},
  year={2008},
  publisher={Elsevier}
}

@article{laptev2005space,
  title={On space-time interest points},
  author={Laptev, I.},
  journal={International Journal of Computer Vision},
  volume={64},
  number={2},
  pages={107--123},
  year={2005},
  publisher={Springer}
}

@inproceedings{schuldt2004recognizing,
  title={Recognizing human actions: A local SVM approach},
  author={Schuldt, C. and Laptev, I. and Caputo, B.},
  booktitle={Pattern Recognition, 2004. ICPR 2004. Proceedings of the 17th International Conference on},
  volume={3},
  pages={32--36},
  year={2004},
  organization={IEEE}
}

@inproceedings{boser1992training,
  title={A training algorithm for optimal margin classifiers},
  author={Boser, B.E. and Guyon, I.M. and Vapnik, V.N.},
  booktitle={Proceedings of the fifth annual workshop on Computational learning theory},
  pages={144--152},
  year={1992},
  organization={ACM}
}

@inproceedings{papageorgiou1998general,
  title={A general framework for object detection},
  author={Papageorgiou, C.P. and Oren, M. and Poggio, T.},
  booktitle={Computer Vision, 1998. Sixth International Conference on},
  pages={555--562},
  year={1998},
  organization={IEEE}
}

@inproceedings{tax2003online,
  title={Online SVM learning: from classification to data description and back},
  author={Tax, D.M.J. and Laskov, P.},
  booktitle={Neural Networks for Signal Processing, 2003. NNSP'03. 2003 IEEE 13th Workshop on},
  pages={499--508},
  year={2003},
  organization={IEEE}
}

@article{salari1990feature,
  title={Feature point correspondence in the presence of occlusion},
  author={Salari, V. and Sethi, I.K.},
  journal={Pattern Analysis and Machine Intelligence, IEEE Transactions on},
  volume={12},
  number={1},
  pages={87--91},
  year={1990},
  publisher={IEEE}
}

@article{veenman2001resolving,
  title={Resolving motion correspondence for densely moving points},
  author={Veenman, C.J. and Reinders, M.J.T. and Backer, E.},
  journal={Pattern Analysis and Machine Intelligence, IEEE Transactions on},
  volume={23},
  number={1},
  pages={54--72},
  year={2001},
  publisher={IEEE}
}

@article{broida1986estimation,
  title={Estimation of object motion parameters from noisy images},
  author={Broida, T.J. and Chellappa, R.},
  journal={Pattern Analysis and Machine Intelligence, IEEE Transactions on},
  number={1},
  pages={90--99},
  year={1986},
  publisher={IEEE}
}

@inproceedings{julier1998skewed,
  title={A skewed approach to filtering},
  author={Julier, S.J.},
  booktitle={Proc. SPIE},
  volume={3373},
  pages={271--282},
  year={1998}
}

@inproceedings{martinerie1992data,
  title={Data association and tracking using hidden Markov models and dynamic programming},
  author={Martinerie, F. and Forster, P.},
  booktitle={Acoustics, Speech, and Signal Processing, 1992. ICASSP-92., 1992 IEEE International Conference on},
  volume={2},
  pages={449--452},
  year={1992},
  organization={IEEE}
}

@article{streit1990frequency,
  title={Frequency line tracking using hidden Markov models},
  author={Streit, R.L. and Barrett, R.F.},
  journal={Acoustics, Speech and Signal Processing, IEEE Transactions on},
  volume={38},
  number={4},
  pages={586--598},
  year={1990},
  publisher={IEEE}
}

@inproceedings{chen2001jpdaf,
  title={JPDAF based HMM for real-time contour tracking},
  author={Chen, Y. and Rui, Y. and Huang, T.S.},
  booktitle={Computer Vision and Pattern Recognition, 2001. CVPR 2001. Proceedings of the 2001 IEEE Computer Society Conference on},
  volume={1},
  pages={I--543},
  year={2001},
  organization={IEEE}
}

@article{viterbi1967error,
  title={Error bounds for convolutional codes and an asymptotically optimum decoding algorithm},
  author={Viterbi, A.},
  journal={Information Theory, IEEE Transactions on},
  volume={13},
  number={2},
  pages={260--269},
  year={1967},
  publisher={IEEE}
}

@article{cremers2002nonlinear,
  title={Nonlinear Shape Statistics in Mumford—Shah Based Segmentation},
  author={Cremers, D. and Kohlberger, T. and Schn{\"o}rr, C.},
  journal={Computer Vision—ECCV 2002},
  pages={516--518},
  year={2002},
  publisher={Springer}
}

@article{mumford1989optimal,
  title={Optimal Approximations by Piecewise Smooth Functions and Associated Variational Problems’},
  author={MUMFORD, D. and SHAH, J.},
  journal={Communications on Pure and Applied Mathematics},
  volume={42},
  pages={577--685},
  year={1989}
}

@article{felzenszwalb2005pictorial,
  title={Pictorial structures for object recognition},
  author={Felzenszwalb, P.F. and Huttenlocher, D.P.},
  journal={International Journal of Computer Vision},
  volume={61},
  number={1},
  pages={55--79},
  year={2005},
  publisher={Springer}
}

@article{horn1981determining,
  title={Determining optical flow},
  author={Horn, B.K.P. and Schunck, B.G.},
  journal={Artificial intelligence},
  volume={17},
  number={1},
  pages={185--203},
  year={1981},
  publisher={Elsevier}
}





@ARTICLE{iVT2008,
  author =       {David A.Ross and Jongwoo Lim and Ruei-Sung Lin and Ming-Hsuan Yang},
  title =        {Incremental Learning for Robust Visual Tracking},
  journal =      {Int J Comput Vis},
  year =         {2008},
  volume =       {77},
  pages =        {125-141},
}

@article{yilmaz2006object,
  title={Object tracking: A survey},
  author={Yilmaz, A. and Javed, O. and Shah, M.},
  journal={Acm Computing Surveys (CSUR)},
  volume={38},
  number={4},
  pages={13},
  year={2006},
  publisher={ACM}
}

@INPROCEEDINGS{Felzen2000PictorialStucture,
author={Felzenszwalb, P.F. and Huttenlocher, D.P.},
booktitle={Computer Vision and Pattern Recognition, 2000. Proceedings. IEEE Conference on},
title={Efficient matching of pictorial structures},
year={2000},
volume={2},
pages={66 -73 vol.2},
}

@INPROCEEDINGS{Leibe2005CrowdedDetection,
author={Leibe, B. and Seemann, E. and Schiele, B.},
booktitle={Computer Vision and Pattern Recognition, 2005. CVPR 2005. IEEE Computer Society Conference on},
title={Pedestrian detection in crowded scenes},
year={2005},
month={june},
volume={1},
pages={ 878 - 885 vol. 1},
}

@article{papageorgiou2000trainable,
  title={A trainable system for object detection},
  author={Papageorgiou, C. and Poggio, T.},
  journal={International Journal of Computer Vision},
  volume={38},
  number={1},
  pages={15--33},
  year={2000},
  publisher={Springer}
}

@INPROCEEDINGS{Seemann2006ArticulatedDetection,
author={Seemann, E. and Leibe, B. and Schiele, B.},
booktitle={Computer Vision and Pattern Recognition, 2006 IEEE Computer Society Conference on},
title={Multi-Aspect Detection of Articulated Objects},
year={2006},
volume={2},
pages={ 1582 - 1588},
}

@inproceedings{kwon2010visual,
  title={Visual tracking decomposition},
  author={Kwon, J. and Lee, K.M.},
  booktitle={Computer Vision and Pattern Recognition (CVPR), 2010 IEEE Conference on},
  pages={1269--1276},
  year={2010},
  organization={IEEE}
}


@article{jepson2003robust,
  title={Robust online appearance models for visual tracking},
  author={Jepson, A.D. and Fleet, D.J. and El-Maraghi, T.F.},
  journal={Pattern Analysis and Machine Intelligence, IEEE Transactions on},
  volume={25},
  number={10},
  pages={1296--1311},
  year={2003},
  publisher={IEEE}
}

@INPROCEEDINGS{Wu2005ICCVdetection,
author={Bo Wu and Nevatia, R.},
booktitle={Computer Vision, 2005. ICCV 2005. Tenth IEEE International Conference on},
title={Detection of multiple, partially occluded humans in a single image by Bayesian combination of edgelet part detectors},
year={2005},
month={oct.},
volume={1},
pages={ 90 - 97 Vol. 1},
}


@INPROCEEDINGS{Dalal05histogramsof,
    author = {Navneet Dalal and Bill Triggs},
    title = {Histograms of Oriented Gradients for Human Detection},
    booktitle = {In CVPR},
    year = {2005},
    pages = {886--893}
}
@INPROCEEDINGS{Viola01rapidobject,
    author = {Paul Viola and Michael Jones},
    title = {Rapid object detection using a boosted cascade of simple features},
    booktitle = {In CVPR},
    year = {2001},
    pages = {511--518}
}
@INPROCEEDINGS{Birchfield98ellipticalhead,
    author = {Stan Birchfield},
    title = {Elliptical Head Tracking Using Intensity Gradients and Color Histograms},
    booktitle = {In CVPR},
    year = {1998},
    pages = {232--237}
}
@INPROCEEDINGS{Andriluka08tracking-by-detection,
author={Andriluka, M. and Roth, S. and Schiele, B.},
booktitle={Computer Vision and Pattern Recognition, 2008. CVPR 2008. IEEE Conference on},
title={People-tracking-by-detection and people-detection-by-tracking},
year={2008},
month={june},
pages={1 -8},
doi={10.1109/CVPR.2008.4587583},
ISSN={1063-6919},}
@ARTICLE{CDPVT1998,
  author =       {Michael Isard and Andrew Blake},
  title =        {CONDENSATION—Conditional Density Propagation for Visual Tracking},
  journal =      {International Journal of Computer Vision},
  year =         {1998},
  volume =       {29},
  number =       {1},
  pages =        {5-28},
}
@ARTICLE{PPCA1999,
  author =       {Michael E. Tipping and Christopher M. Bishop},
  title =        {Probabilistic Principal Component Analysis},
  journal =      {Journal of the Royal Statistical Society: Series B (Statistical Methodology)},
  year =         {1999},
  volume =       {61},
  number =       {3},
  pages =        {611-622},
}
@ARTICLE{Arulampalam02atutorial,
    author = {M. Sanjeev Arulampalam and Simon Maskell and Neil Gordon},
    title = {A tutorial on particle filters for online nonlinear/non-Gaussian Bayesian tracking},
    journal = {IEEE Transactions on Signal Processing},
    year = {2002},
    volume = {50},
    pages = {174--188}
}
@INPROCEEDINGS{Pérez02color-basedprobabilistic,
    author = {P. Pérez and C. Hue and J. Vermaak and M. Gangnet},
    title = {Color-based probabilistic tracking},
    booktitle = {In Proc. ECCV},
    year = {2002},
    pages = {661--675}
}
@INPROCEEDINGS{Okuma04aboosted,
    author = {Kenji Okuma and Ali Taleghani and Nando De Freitas and O De Freitas and James J. Little and David G. Lowe},
    title = {A Boosted Particle Filter: Multitarget Detection and Tracking},
    booktitle = {In Proc. ECCV},
    year = {2004},
    pages = {28--39}
}
@ARTICLE{Comaniciu03kernel-basedobject,
    author = {Dorin Comaniciu and Visvanathan Ramesh and Peter Meer and Senior Member and Senior Member},
    title = {Kernel-Based Object Tracking},
    journal = {IEEE Transactions on Pattern Analysis and Machine Intelligence},
    year = {2003},
    volume = {25},
    pages = {564--577}
}

@INPROCEEDINGS{Comaniciu00real-timetracking,
    author = {Dorin Comaniciu and Visvanathan Ramesh and Peter Meer},
    title = {Real-Time Tracking of Non-Rigid Objects using Mean Shift},
    booktitle = {In CVPR},
    year = {2000},
    pages = {142--149}
}

@INPROCEEDINGS{Babenko09visualtracking,
    author = {Boris Babenko and Ming-hsuan Yang and Serge Belongie},
    title = {Visual Tracking with Online Multiple Instance Learning},
    booktitle = {In CVPR},
    year = {2009}
}

@inproceedings{Santner2010,
	author = {Jakob Santner and Christian Leistner and Amir Saffari and Thomas Pock and Horst Bischof},
	title = {{PROST} {P}arallel {R}obust {O}nline {S}imple {T}racking},
	booktitle = {{IEEE} Computer Society Conference on Computer Vision and Pattern Recognition (CVPR)},
	year = {2010},
	address = {San Francisco, CA, USA}
}

@INPROCEEDINGS{Saffari2009RF,
author={Saffari, A. and Leistner, C. and Santner, J. and Godec, M. and Bischof, H.},
booktitle={Computer Vision Workshops (ICCV Workshops), 2009 IEEE 12th International Conference on},
title={On-line Random Forests},
year={2009},
month={27 2009-oct. 4},
pages={1393 -1400},
}

@ARTICLE{Mei2011SparseTracking,
author={Xue Mei and Haibin Ling},
journal={Pattern Analysis and Machine Intelligence, IEEE Transactions on},
title={Robust Visual Tracking and Vehicle Classification via Sparse Representation},
year={2011},
month={nov. },
volume={33},
number={11},
pages={2259 -2272},
}

@INPROCEEDINGS{Zhang2012MultitaskSparseTracking,
author={Tianzhu Zhang and Ghanem, B. and Si Liu and Ahuja, N.},
booktitle={Computer Vision and Pattern Recognition (CVPR), 2012 IEEE Conference on},
title={Robust visual tracking via multi-task sparse learning},
year={2012},
month={june},
volume={},
number={},
pages={2042 -2049},
}

@ARTICLE{Zhou2004AdaptiveModelTracking,
author={Shaohua Kevin Zhou and Chellappa, R. and Moghaddam, B.},
journal={Image Processing, IEEE Transactions on},
title={Visual tracking and recognition using appearance-adaptive models in particle filters},
year={2004},
month={nov. },
volume={13},
number={11},
pages={1491 -1506},
}

@ARTICLE{Cevher2007AcousticVideoTracking,
author={Cevher, V. and Sankaranarayanan, A.C. and McClellan, J.H. and Rama Chellappa},
journal={Multimedia, IEEE Transactions on},
title={Target Tracking Using a Joint Acoustic Video System},
year={2007},
month={june },
volume={9},
number={4},
pages={715 -727},
}

@ARTICLE{Breitenstein2011SingleCameraTracking,
author={Breitenstein, M.D. and Reichlin, F. and Leibe, B. and Koller-Meier, E. and Van Gool, L.},
journal={Pattern Analysis and Machine Intelligence, IEEE Transactions on},
title={Online Multiperson Tracking-by-Detection from a Single, Uncalibrated Camera},
year={2011},
month={sept. },
volume={33},
number={9},
pages={1820 -1833},
}

@inproceedings{Grabner06onlineboosting,
   title = {Real-Time Tracking via On-line Boosting},
   author = {Grabner, H. and Grabner, M. and Bischof, H.},
   year = {2006},
   pages = {6.1-6.10},
   booktitle = {Proc. BMVC},
   isbn = {1-901725-32-4},
   note = {doi:10.5244/C.20.6}
}
@INPROCEEDINGS{Grabner_semi-supervisedon-line,
    author = {Helmut Grabner and Christian Leistner and Horst Bischof},
    title = {Semi-Supervised On-line Boosting for Robust Tracking},
    booktitle = {In Proc. ECCV},
    year = {2008}
}
@ARTICLE{Matthews03thetemplate,
    author = {Iain Matthews and Takahiro Ishikawa and Simon Baker},
    title = {The Template Update Problem},
    journal = {IEEE TRANSACTIONS ON PATTERN ANALYSIS AND MACHINE INTELLIGENCE},
    year = {2003},
    volume = {26},
    pages = {810--815}
}
@ARTICLE{Collins05featureselection,
author={Collins, R.T. and Yanxi Liu and Leordeanu, M.},
journal={Pattern Analysis and Machine Intelligence, IEEE Transactions on},
title={Online selection of discriminative tracking features},
year={2005},
month={oct. },
volume={27},
number={10},
pages={1631 -1643},
doi={10.1109/TPAMI.2005.205},
ISSN={0162-8828},
}
@INPROCEEDINGS{Black98eigentracking:robust,
    author = {Michael J. Black and Allan D. Jepson},
    title = {EigenTracking: Robust Matching and Tracking of Articulated Objects Using a View-Based Representation},
    booktitle = {International Journal of Computer Vision},
    year = {1998},
    pages = {329--342}
}

@article{Nummiaro02anadaptive,
title = "An adaptive color-based particle filter",
journal = "Image and Vision Computing",
volume = "21",
number = "1",
pages = "99 - 110",
year = "2003",
author = "Katja Nummiaro and Esther Koller-Meier and Luc Van Gool"
}

@inproceedings{bb115019,
        AUTHOR = "Lehuger, A. and Lechat, P. and Perez, P.",
        TITLE = "An adaptive mixture color model for robust visual tracking",
        BOOKTITLE = "ICIP06",
        YEAR = "2006",
        PAGES = "573-576",
}
@ARTICLE{Levy_sequentialkarhunen-loeve,
    author = {A. Levy and M. Lindenbaum},
    title = {Sequential Karhunen-Loeve Basis Extraction and its Application to Images},
    journal = {IEEE Transactions on Image processing},
    year = {2000},
    volume = {9},
    pages = {1371--1374}
}
@inproceedings{Zhang2011HLTMC,
 author = {Zhang, Peng and Emmanuel, Sabu and Kankanhalli, Mohan},
 title = {Pedestrian tracking based on hidden-latent temporal Markov chain},
 booktitle = {Proceedings of the 17th international conference on Advances in multimedia modeling - Volume Part II},
 series = {MMM'11},
 year = {2011},
 pages = {285--295},
}
@InProceedings{eth_biwi_00498,
author = {A. Ess and B. Leibe and L. Van Gool},
title = {Depth and Appearance for Mobile Scene Analysis},
booktitle = {International Conference on Computer Vision (ICCV'07)},
year = {2007},
month = {October},
}
@InProceedings{Viola_rapidobject,
    author = {Paul Viola and Michael Jones},
    title = {Rapid object detection using a boosted cascade of simple features},
    booktitle = {in Proc. IEEE Conf. Comput. Vis. Pattern Recog},
    year = {2001},
    pages = {511--518}
}
@MISC{PETS2009,
title = {http://www.cvg.rdg.ac.uk/PETS2009/a.html},
note =  {Retrived},
month = oct,
year = {2012},
}

%------cs-wireless.bib-------
@misc{agoston1987equivalent,
   author = {Agoston, Agoston},
   title = {Equivalent time pseudorandom sampling system},
   publisher = {Google Patents},
   year = {1987},
   type = {Generic}
}
@article{bai2012high,
   author = {Bai, Lin and Maechler, Patrick and Muehlberghuber, Michael and Kaeslin, Hubert},
   title = {High-Speed Compressed Sensing Reconstruction on FPGA Using OMP and AMP},
   journal = {Rn},
   volume = {1},
   pages = {0},
   year = {2012},
   type = {Journal Article}
}
@article{bajwa2011identification,
  title={Identification of parametric underspread linear systems and super-resolution radar},
  author={Bajwa, Waheed U and Gedalyahu, Kfir and Eldar, Yonina C},
  journal={Signal Processing, IEEE Transactions on},
  volume={59},
  number={6},
  pages={2548--2561},
  year={2011},
  publisher={IEEE}
}

@article{candes2008introduction,
   author = {Candès, Emmanuel J and Wakin, Michael B},
   title = {An introduction to compressive sampling},
   journal = {Signal Processing Magazine, IEEE},
   volume = {25},
   number = {2},
   pages = {21-30},
   note = {1stV},
   ISSN = {1053-5888},
   year = {2008},
   type = {Journal Article}
}
@inproceedings{davenport2010wideband,
   author = {Davenport, Mark A and Schnelle, Stephen R and Slavinsky, JP and Baraniuk, Richard G and Wakin, Michael B and Boufounos, Petros T},
   title = {A wideband compressive radio receiver},
   booktitle = {MILITARY COMMUNICATIONS CONFERENCE, 2010-MILCOM 2010},
   publisher = {IEEE},
   pages = {1193-1198},
   ISBN = {1424481783},
   year={2010},
   type = {Conference Proceedings}
}
@article{davenport2012compressive,
  title={Compressive sensing of analog signals using discrete prolate spheroidal sequences},
  author={Davenport, Mark A and Wakin, Michael B},
  journal={Applied and Computational Harmonic Analysis},
  volume={33},
  number={3},
  pages={438--472},
  year={2012},
  publisher={Elsevier}
}
@inproceedings{feng1996spectrum,
  title={Spectrum-blind minimum-rate sampling and reconstruction of multiband signals},
  author={Feng, Ping and Bresler, Yoram},
  booktitle={Acoustics, Speech, and Signal Processing, 1996. ICASSP-96. Conference Proceedings., 1996 IEEE International Conference on},
  volume={3},
  pages={1688--1691},
  year={1996},
  organization={IEEE}
}

@book{geerts2002design,
   author = {Geerts, Yves and Steyaert, Michiel and Sansen, Willy MC},
   title = {Design of multi-bit delta-sigma A/D converters},
   publisher = {Springer},
   ISBN = {1402070780},
   year = {2002},
   type = {Book}
}
@book{han2013compressive,
   author = {Han, Zhu and Li, Husheng and Yin, Wotao},
   title = {Compressive Sensing for Wireless Networks},
   publisher = {Cambridge University Press},
   ISBN = {1107018838},
   year = {2013},
   type = {Book}
}
@inproceedings{laskarandom2006,
   author = {Laska, Jason and Kirolos, Sami and Massoud, Yehia and Baraniuk, Richard and Gilbert, Anna and Iwen, Mark and Strauss, Martin},
   title = {Random sampling for analog-to-information conversion of wideband signals},
   booktitle = {Design, Applications, Integration and Software, 2006 IEEE Dallas/CAS Workshop on},
   publisher = {IEEE},
   pages = {119-122},
   ISBN = {1424406706},
   type = {Conference Proceedings}
}
@inproceedings{laska2007theory,
   author = {Laska, Jason N and Kirolos, Sami and Duarte, Marco F and Ragheb, Tamer S and Baraniuk, Richard G and Massoud, Yehia},
   title = {Theory and implementation of an analog-to-information converter using random demodulation},
   booktitle = {Circuits and Systems, 2007. ISCAS 2007. IEEE International Symposium on},
   publisher = {IEEE},
   pages = {1959-1962},
   ISBN = {1424409209},
   type = {Conference Proceedings}
}
@inproceedings{luo2009compressive,
  title={Compressive data gathering for large-scale wireless sensor networks},
  author={Luo, Chong and Wu, Feng and Sun, Jun and Chen, Chang Wen},
  booktitle={Proceedings of the 15th annual international conference on Mobile computing and networking},
  pages={145--156},
  year={2009},
  organization={ACM}
}
@inproceedings{mishali2011generic,
  title={Generic sensing hardware and real-time reconstruction for structured analog signals},
  author={Mishali, Moshe and Hilgendorf, Rolf and Shoshan, Eli and Rivkin, Ina and Eldar, Yonina C},
  booktitle={Circuits and Systems (ISCAS), 2011 IEEE International Symposium on},
  pages={1748--1751},
  year={2011},
  organization={IEEE}
}
@article{maechler2012vlsi,
   author = {Maechler, P. and Studer, C. and Bellasi, D. E. and Maleki, A. and Burg, A. and Felber, N. and Kaeslin, H. and Baraniuk, R. G.},
   title = {VLSI Design of Approximate Message Passing for Signal Restoration and Compressive Sensing},
   journal = {Emerging and Selected Topics in Circuits and Systems, IEEE Journal on},
   volume = {2},
   number = {3},
   pages = {579-590},
   ISSN = {2156-3357},
   year = {2012},
   type = {Journal Article}
}
@inproceedings{magli2003low,
   author = {Magli, Enrico and Mancin, Massimo and Merello, Luca},
   title = {Low-complexity video compression for wireless sensor networks},
   booktitle = {Multimedia and Expo, 2003. ICME'03. Proceedings. 2003 International Conference on},
   publisher = {IEEE},
   volume = {3},
   pages = {III-585-8 vol. 3},
   ISBN = {0780379659},
   type = {Conference Proceedings}
}
@article{meng2012compressive,
   author = {Meng, J. and Yin, W. T. and Li, Y. Y. and Nguyen, N. T. and Han, Z.},
   title = {Compressive Sensing Based High-Resolution Channel Estimation for OFDM System},
   journal = {Ieee Journal of Selected Topics in Signal Processing},
   volume = {6},
   number = {1},
   pages = {15-25},
   ISSN = {1932-4553},
   year = {2012},
   type = {Journal Article}
}
@article{mishali2010theory,
   author = {Mishali, Moshe and Eldar, Yonina C},
   title = {From theory to practice: Sub-Nyquist sampling of sparse wideband analog signals},
   journal = {Selected Topics in Signal Processing, IEEE Journal of},
   volume = {4},
   number = {2},
   pages = {375-391},
   ISSN = {1932-4553},
   year = {2010},
   type = {Journal Article}
}
@book{mishali2012xampling,
   author = {Mishali, Moshe and Eldar, Yonina C},
   title = {Xampling: Compressed sensing of analog signals},
   publisher = {Cambridge, UK: Cambridge University Press},
   year = {2012},
   type = {Book}
}
@article{mishali2011xamplinganalog,
   author = {Mishali, Moshe and Eldar, Yonina C and Dounaevsky, Oleg and Shoshan, Eli},
   title = {Xampling: Analog to digital at sub-Nyquist rates},
   journal = {IET circuits, devices and systems},
   volume = {5},
   number = {1},
   pages = {8-20},
   ISSN = {1751-8598},
   year = {2011},
   type = {Journal Article}
}
@article{mishali2011xamplingsignal,
   author = {Mishali, Moshe and Eldar, Yonina C and Elron, Asaf J},
   title = {Xampling: Signal acquisition and processing in union of subspaces},
   journal = {Signal Processing, IEEE Transactions on},
   volume = {59},
   number = {10},
   pages = {4719-4734},
   ISSN = {1053-587X},
   year = {2011},
   type = {Journal Article}
}
@inproceedings{polo2009compressive,
   author = {Polo, Yvan Lamelas and Wang, Ying and Pandharipande, Ashish and Leus, Geert},
   title = {Compressive wide-band spectrum sensing},
   booktitle = {Acoustics, Speech and Signal Processing, 2009. ICASSP 2009. IEEE International Conference on},
   publisher = {IEEE},
   pages = {2337-2340},
   ISBN = {1424423538},
   type = {Conference Proceedings}
}
@article{qaisar2013compressive,
  title={Compressive sensing: From theory to applications, a survey},
  author={Qaisar, Saad and Bilal, Rana Muhammad and Iqbal, Wafa and Naureen, Muqaddas and Lee, Sungyoung},
  journal={Communications and Networks, Journal of},
  volume={15},
  number={5},
  pages={443--456},
  year={2013},
  publisher={IEEE}
}
@inproceedings{rogers2011compressive,
   author = {Rogers, Daniel J and Elkis, Radmil and Chin, Sang and Wayne, Michael A},
   title = {Compressive RF sensing using a physical source of entropy},
   booktitle = {Statistical Signal Processing Workshop (SSP), 2011 IEEE},
   publisher = {IEEE},
   pages = {609-612},
   ISBN = {1457705699},
   year = {2011},
   type = {Conference Proceedings}
}
@article{romberg2009compressive,
   author = {Romberg, Justin},
   title = {Compressive sensing by random convolution},
   journal = {SIAM Journal on Imaging Sciences},
   volume = {2},
   number = {4},
   pages = {1098-1128},
   ISSN = {1936-4954},
   year = {2009},
   type = {Journal Article}
}
@article{roy1989esprit,
   author = {Roy, Richard and Kailath, Thomas},
   title = {ESPRIT-estimation of signal parameters via rotational invariance techniques},
   journal = {Acoustics, Speech and Signal Processing, IEEE Transactions on},
   volume = {37},
   number = {7},
   pages = {984-995},
   ISSN = {0096-3518},
   year = {1989},
   type = {Journal Article}
}
@article{schmidt1986multiple,
  title={Multiple emitter location and signal parameter estimation},
  author={Schmidt, Ralph O},
  journal={Antennas and Propagation, IEEE Transactions on},
  volume={34},
  number={3},
  pages={276--280},
  year={1986},
  publisher={IEEE}
}
@inproceedings{slavinsky2011compressive,
   author = {Slavinsky, John P and Laska, Jason N and Davenport, Mark A and Baraniuk, Richard G},
   title = {The compressive multiplexer for multi-channel compressive sensing},
   booktitle = {Acoustics, Speech and Signal Processing (ICASSP), 2011 IEEE International Conference on},
   publisher = {IEEE},
   pages = {3980-3983},
   ISBN = {1457705389},
   type = {Conference Proceedings}
}
@inproceedings{tropp2006random,
  title={Random filters for compressive sampling and reconstruction},
  author={Tropp, Joel A and Wakin, Michael B and Duarte, Marco F and Baron, Dror and Baraniuk, Richard G},
  booktitle={Acoustics, Speech and Signal Processing, 2006. ICASSP 2006 Proceedings. 2006 IEEE International Conference on},
  volume={3},
  pages={III--III},
  year={2006},
  organization={IEEE}
}

@inproceedings{yang2009compressed,
   author = {Yang, Depeng and Li, Husheng and Peterson, Gregory D and Fathy, Aly},
   title = {Compressed sensing based UWB receiver: Hardware compressing and FPGA reconstruction},
   booktitle = {Information Sciences and Systems, 2009. CISS 2009. 43rd Annual Conference on},
   publisher = {IEEE},
   pages = {198-201},
   ISBN = {1424427339},
   year = {2009},
   type = {Conference Proceedings}
}
@inproceedings{zhao2012compressed,
   author = {Zhao, Yijiu and Hu, Yu Hen and Wang, Houjun},
   title = {Compressed sensing enhanced random equivalent sampling},
   booktitle = {Acoustics, Speech and Signal Processing (ICASSP), 2012 IEEE International Conference on},
   publisher = {IEEE},
   pages = {3445-3448},
   ISBN = {1467300454},
   type = {Conference Proceedings}
}
@article{zhao2012enhanced,
   author = {Zhao, Yijiu and Hu, Yu Hen and Wang, Houjun},
   title = {Enhanced random equivalent sampling based on compressed sensing},
   journal = {Instrumentation and Measurement, IEEE Transactions on},
   volume = {61},
   number = {3},
   pages = {579-586},
   ISSN = {0018-9456},
   year = {2012},
   type = {Journal Article}
}

@article{candes2006stable,
  title = {Stable signal recovery from incomplete and inaccurate measurements},
  author = {Candes, Emmanuel J and Romberg, Justin K and Tao, Terence},
  journal = {Communications on pure and applied mathematics},
  volume = {59},
  number = {8},
  pages = {1207-1223},
  year = {2006},
  publisher = {Wiley Online Library}
}
@article{mallat1993matching,
  title={Matching pursuits with time-frequency dictionaries},
  author={Mallat, St{\'e}phane G and Zhang, Zhifeng},
  journal={Signal Processing, IEEE Transactions on},
  volume={41},
  number={12},
  pages={3397--3415},
  year={1993},
  publisher={IEEE}
}
@article{candes2005decoding,
  title={Decoding by linear programming},
  author={Candes, Emmanuel J and Tao, Terence},
  journal={Information Theory, IEEE Transactions on},
  volume={51},
  number={12},
  pages={4203--4215},
  year={2005},
  publisher={IEEE}
}
@inproceedings{bajwa2007toeplitz,
  title={Toeplitz-structured compressed sensing matrices},
  author={Bajwa, Waheed U and Haupt, Jarvis D and Raz, Gil M and Wright, Stephen J and Nowak, Robert D},
  booktitle={Statistical Signal Processing, 2007. SSP'07. IEEE/SP 14th Workshop on},
  pages={294--298},
  year={2007},
  organization={IEEE}
}
@inproceedings{yin2010practical,
  title={Practical compressive sensing with Toeplitz and circulant matrices},
  author={Yin, Wotao and Morgan, Simon and Yang, Junfeng and Zhang, Yin},
  booktitle={Visual Communications and Image Processing 2010},
  pages={77440K--77440K},
  year={2010},
  organization={International Society for Optics and Photonics}
}
@article{dai2009subspace,
  title={Subspace pursuit for compressive sensing signal reconstruction},
  author={Dai, Wei and Milenkovic, Olgica},
  journal={Information Theory, IEEE Transactions on},
  volume={55},
  number={5},
  pages={2230--2249},
  year={2009},
  publisher={IEEE}
}
@article{rauhut2010compressive,
  title={Compressive sensing and structured random matrices},
  author={Rauhut, Holger},
  journal={Theoretical foundations and numerical methods for sparse recovery},
  volume={9},
  pages={1--92},
  year={2010},
  publisher={deGruyter}
}
@article{chen1998atomic,
  title={Atomic decomposition by basis pursuit},
  author={Chen, Scott Shaobing and Donoho, David L and Saunders, Michael A},
  journal={SIAM journal on scientific computing},
  volume={20},
  number={1},
  pages={33--61},
  year={1998},
  publisher={SIAM}
}
@article{blumensath2009iterative,
  title={Iterative hard thresholding for compressed sensing},
  author={Blumensath, Thomas and Davies, Mike E},
  journal={Applied and Computational Harmonic Analysis},
  volume={27},
  number={3},
  pages={265--274},
  year={2009},
  publisher={Elsevier}
}
@article{yin2008bregman,
  title={Bregman iterative algorithms for $\backslash$ell\_1-minimization with applications to compressed sensing},
  author={Yin, Wotao and Osher, Stanley and Goldfarb, Donald and Darbon, Jerome},
  journal={SIAM Journal on Imaging Sciences},
  volume={1},
  number={1},
  pages={143--168},
  year={2008},
  publisher={SIAM}
}
@inproceedings{pati1993orthogonal,
  title={Orthogonal matching pursuit: Recursive function approximation with applications to wavelet decomposition},
  author={Pati, Yagyensh Chandra and Rezaiifar, Ramin and Krishnaprasad, PS},
  booktitle={Signals, Systems and Computers, 1993. 1993 Conference Record of The Twenty-Seventh Asilomar Conference on},
  pages={40--44},
  year={1993},
  organization={IEEE}
}
@article{karahanoglu2012orthogonal,
  title={A* orthogonal matching pursuit: Best-first search for compressed sensing signal recovery},
  author={Karahanoglu, Nazim Burak and Erdogan, Hakan},
  journal={Digital Signal Processing},
  volume={22},
  number={4},
  pages={555--568},
  year={2012},
  publisher={Elsevier}
}
@article{needell2009uniform,
  title={Uniform uncertainty principle and signal recovery via regularized orthogonal matching pursuit},
  author={Needell, Deanna and Vershynin, Roman},
  journal={Foundations of computational mathematics},
  volume={9},
  number={3},
  pages={317--334},
  year={2009},
  publisher={Springer}
}
@article{donoho2006sparse,
  title={Sparse solution of underdetermined systems of linear equations by stagewise orthogonal matching pursuit},
  author={Donoho, David L and Tsaig, Yaakov and Drori, Iddo and Starck, J-L},
  journal={Information Theory, IEEE Transactions on},
  volume={58},
  number={2},
  pages={1094--1121},
  year={2006},
  publisher={IEEE}
}
@article{foucart2011hard,
  title={Hard thresholding pursuit: an algorithm for compressive sensing},
  author={Foucart, Simon},
  journal={SIAM Journal on Numerical Analysis},
  volume={49},
  number={6},
  pages={2543--2563},
  year={2011},
  publisher={SIAM}
}
@inproceedings{blumensath2009use,
  title={How to use the iterative hard thresholding algorithm},
  author={Blumensath, Thomas and Davies, Michael E and others},
  booktitle={SPARS'09-Signal Processing with Adaptive Sparse Structured Representations},
  year={2009}
}
@book{starck2010sparse,
  title={Sparse image and signal processing: wavelets, curvelets, morphological diversity},
  author={Starck, Jean-Luc and Murtagh, Fionn and Fadili, Jalal M},
  year={2010},
  publisher={Cambridge University Press}
}
@book{foucart2013mathematical,
  title={A mathematical introduction to compressive sensing},
  author={Foucart, Simon and Rauhut, Holger},
  year={2013},
  publisher={Springer}
}
@article{davenport2012signal,
  title={Signal space CoSaMP for sparse recovery with redundant dictionaries},
  author={Davenport, M and Needell, Deanna and Wakin, M},
  year={2012},
  publisher={IEEE}
}
@article{donoho2006high,
  title={High-dimensional centrally symmetric polytopes with neighborliness proportional to dimension},
  author={Donoho, David L},
  journal={Discrete \& Computational Geometry},
  volume={35},
  number={4},
  pages={617--652},
  year={2006},
  publisher={Springer}
}
@article{gilbert2006algorithmic,
  title={Algorithmic linear dimension reduction in the l\_1 norm for sparse vectors},
  author={Gilbert, Anna C and Strauss, Martin J and Tropp, Joel A and Vershynin, Roman},
  journal={arXiv preprint cs/0608079},
  year={2006}
}
@inproceedings{gilbert2007one,
  title={One sketch for all: fast algorithms for compressed sensing},
  author={Gilbert, Anna C and Strauss, Martin J and Tropp, Joel A and Vershynin, Roman},
  booktitle={Proceedings of the thirty-ninth annual ACM symposium on Theory of computing},
  pages={237--246},
  year={2007},
  organization={ACM}
}
@article{mishali2009blind,
  title={Blind multiband signal reconstruction: Compressed sensing for analog signals},
  author={Mishali, Moshe and Eldar, Yonina C},
  journal={Signal Processing, IEEE Transactions on},
  volume={57},
  number={3},
  pages={993--1009},
  year={2009},
  publisher={IEEE}
}
@inproceedings{mishali2009expected,
  title={Expected RIP: Conditioning of the modulated wideband converter},
  author={Mishali, Moshe and Eldar, Yonina C},
  booktitle={Information Theory Workshop, 2009. ITW 2009. IEEE},
  pages={343--347},
  year={2009},
  organization={IEEE}
}
@article{black1980time,
  title={Time interleaved converter arrays},
  author={Black Jr, William C and Hodges, D},
  journal={Solid-State Circuits, IEEE Journal of},
  volume={15},
  number={6},
  pages={1022--1029},
  year={1980},
  publisher={IEEE}
}
@article{davenport2010signal,
  title={Signal processing with compressive measurements},
  author={Davenport, Mark A and Boufounos, Petros T and Wakin, Michael B and Baraniuk, Richard G},
  journal={Selected Topics in Signal Processing, IEEE Journal of},
  volume={4},
  number={2},
  pages={445--460},
  year={2010},
  publisher={IEEE}
}
@article{mishali2008reduce,
  title={Reduce and boost: Recovering arbitrary sets of jointly sparse vectors},
  author={Mishali, Moshe and Eldar, Yonina C},
  journal={Signal Processing, IEEE Transactions on},
  volume={56},
  number={10},
  pages={4692--4702},
  year={2008},
  publisher={IEEE}
}
@inproceedings{sun2009efficient,
  title={Efficient Recovery of Jointly Sparse Vectors.},
  author={Sun, Liang and Liu, Jun and Chen, Jianhui and Ye, Jieping},
  booktitle={NIPS},
  pages={1812--1820},
  year={2009}
}
@article{chen2006theoretical,
  title={Theoretical results on sparse representations of multiple-measurement vectors},
  author={Chen, Jie and Huo, Xiaoming},
  journal={Signal Processing, IEEE Transactions on},
  volume={54},
  number={12},
  pages={4634--4643},
  year={2006},
  publisher={IEEE}
}
@inproceedings{maechler2011random,
  title={Random sampling ADC for sparse spectrum sensing},
  author={Maechler, Patrick and Felber, Norbert and Burg, Andreas and others},
  booktitle={Proc. European Signal Processing Conference (Eusipco)},
  pages={1200--1204},
  year={2011}
}
@inproceedings{ragheb2007implementation,
  title={Implementation models for analog-to-information conversion via random sampling},
  author={Ragheb, Tamer and Kirolos, Sami and Laska, Jason and Gilbert, Anna and Strauss, Martin and Baraniuk, Richard and Massoud, Yehia},
  booktitle={Circuits and Systems, 2007. MWSCAS 2007. 50th Midwest Symposium on},
  pages={325--328},
  year={2007},
  organization={IEEE}
}
@inproceedings{laska2006random,
  title={Random sampling for analog-to-information conversion of wideband signals},
  author={Laska, Jason and Kirolos, Sami and Massoud, Yehia and Baraniuk, Richard and Gilbert, Anna and Iwen, Mark and Strauss, Martin},
  booktitle={Design, Applications, Integration and Software, 2006 IEEE Dallas/CAS Workshop on},
  pages={119--122},
  year={2006},
  organization={IEEE}
}
@inproceedings{meng2009sampling,
  title={Sampling rate reduction for 60 GHz UWB communication using compressive sensing},
  author={Meng, Jia and Ahmadi-Shokouh, Javad and Li, Husheng and Charlson, E Joe and Han, Zhu and Noghanian, Sima and Hossain, Ekram},
  booktitle={Signals, Systems and Computers, 2009 Conference Record of the Forty-Third Asilomar Conference on},
  pages={1125--1129},
  year={2009},
  organization={IEEE}
}
@inproceedings{schnelle2012compressive,
  title={A compressive phase-locked loop},
  author={Schnelle, Stephen R and Slavinsky, John P and Boufounos, Petros T and Davenport, Mark A and Baraniuk, Richard G},
  booktitle={Acoustics, Speech and Signal Processing (ICASSP), 2012 IEEE International Conference on},
  pages={2885--2888},
  year={2012},
  organization={IEEE}
}

%cs-uwb.bib

@article{paredes2007ultra,
  title={Ultra-wideband compressed sensing: channel estimation},
  author={Paredes, Jose L and Arce, Gonzalo R and Wang, Zhongmin},
  journal={Selected Topics in Signal Processing, IEEE Journal of},
  volume={1},
  number={3},
  pages={383--395},
  year={2007},
  publisher={IEEE}
}

@article{cassioli2002ultra,
  title={The ultra-wide bandwidth indoor channel: from statistical model to simulations},
  author={Cassioli, Dajana and Win, Moe Z and Molisch, Andreas F},
  journal={Selected Areas in Communications, IEEE Journal on},
  volume={20},
  number={6},
  pages={1247--1257},
  year={2002},
  publisher={IEEE}
}

@article{banitalebi2014compressive,
  title={Compressive-Sampling-Based Positioning in Wireless Body Area Networks},
  author={Banitalebi-Dehkordi, Mehdi and Abouei, Jamshid and Plataniotis, Konstantinos N},
  journal={Biomedical and Health Informatics, IEEE Journal of},
  volume={18},
  number={1},
  pages={335--344},
  year={2014},
  publisher={IEEE}
}

@inproceedings{kirolos2006analog,
  title={Analog-to-information conversion via random demodulation},
  author={Kirolos, Sami and Laska, Jason and Wakin, Michael and Duarte, Marco and Baron, Dror and Ragheb, Tamer and Massoud, Yehia and Baraniuk, Richard},
  booktitle={Design, Applications, Integration and Software, 2006 IEEE Dallas/CAS Workshop on},
  pages={71--74},
  year={2006},
  organization={IEEE}
}
@inproceedings{fyhn2012demodulating,
  title={Demodulating subsampled direct sequence spread spectrum signals using compressive signal processing},
  author={Fyhn, Karsten and Arildsen, Thomas and Larsen, Torben and Jensen, S{\o}ren Holdt},
  booktitle={Signal Processing Conference (EUSIPCO), 2012 Proceedings of the 20th European},
  pages={2556--2560},
  year={2012},
  organization={IEEE}
}

@article{candes2006robust,
  title={Robust uncertainty principles: Exact signal reconstruction from highly incomplete frequency information},
  author={Cand{\`e}s, Emmanuel J and Romberg, Justin and Tao, Terence},
  journal={Information Theory, IEEE Transactions on},
  volume={52},
  number={2},
  pages={489--509},
  year={2006},
  publisher={IEEE}
}

@article{baraniuk2007compressive,
  title={Compressive sensing},
  author={Baraniuk, Richard G},
  journal={IEEE signal processing magazine},
  volume={24},
  number={4},
  year={2007}
}

@inproceedings{yang2011compressive,
  title={Compressive sensing TDOA for UWB positioning systems},
  author={Yang, Depeng and Li, Husheng and Peterson, Gregory D and Fathy, Aly},
  booktitle={Radio and Wireless Symposium (RWS), 2011 IEEE},
  pages={194--197},
  year={2011},
  organization={IEEE}
}


@article{d2010toa,
  title={TOA estimation with the IEEE 802.15. 4a standard},
  author={D'Amico, Antonio A and Mengali, Umberto and Taponecco, Lorenzo},
  journal={Wireless Communications, IEEE Transactions on},
  volume={9},
  number={7},
  pages={2238--2247},
  year={2010},
  publisher={IEEE}
}

@article{yang2013compressive,
  title={Compressive sensing based sub-mm accuracy UWB positioning systems: A space--time approach},
  author={Yang, Depeng and Li, Husheng and Zhang, Zhenghao and Peterson, Gregory D},
  journal={Digital Signal Processing},
  volume={23},
  number={1},
  pages={340--354},
  year={2013},
  publisher={Elsevier}
}

@article{needell2009cosamp,
  title={CoSaMP: Iterative signal recovery from incomplete and inaccurate samples},
  author={Needell, Deanna and Tropp, Joel A},
  journal={Applied and Computational Harmonic Analysis},
  volume={26},
  number={3},
  pages={301--321},
  year={2009},
  publisher={Elsevier}
}

% new added

@article{bajwa2010compressed,
  title={Compressed channel sensing: A new approach to estimating sparse multipath channels},
  author={Bajwa, Waheed U and Haupt, Jarvis and Sayeed, Akbar M and Nowak, Robert},
  journal={Proceedings of the IEEE},
  volume={98},
  number={6},
  pages={1058--1076},
  year={2010},
  publisher={IEEE}
}

@article{axell2012spectrum,
  title={Spectrum sensing for cognitive radio: State-of-the-art and recent advances},
  author={Axell, Erik and Leus, Geert and Larsson, Erik G and Poor, H Vincent},
  journal={Signal Processing Magazine, IEEE},
  volume={29},
  number={3},
  pages={101--116},
  year={2012},
  publisher={IEEE}
}

@inproceedings{tian2008compressed,
  title={Compressed wideband sensing in cooperative cognitive radio networks},
  author={Tian, Zhi},
  booktitle={Global Telecommunications Conference, 2008. IEEE GLOBECOM 2008. IEEE},
  pages={1--5},
  year={2008},
  organization={IEEE}
}

@inproceedings{wang2009distributed,
  title={Distributed compressive wide-band spectrum sensing},
  author={Wang, Ying and Pandharipande, Ashish and Polo, Yvan Lamelas and Leus, Geert},
  booktitle={Information Theory and Applications Workshop, 2009},
  pages={178--183},
  year={2009},
  organization={IEEE}
}

@book{han2013compressive,
  title={Compressive sensing for wireless networks},
  author={Han, Zhu and Li, Husheng and Yin, Wotao},
  year={2013},
  publisher={Cambridge University Press}
}

@inproceedings{zhang2009compressed,
  title={A compressed sensing based ultra-wideband communication system},
  author={Zhang, Peng and Hu, Zhen and Qiu, Robert C and Sadler, Brian M},
  booktitle={Communications, 2009. ICC'09. IEEE International Conference on},
  pages={1--5},
  year={2009},
  organization={IEEE}
}

@article{tropp2010beyond,
   author = {Tropp, Joel A and Laska, Jason N and Duarte, Marco F and Romberg, Justin K and Baraniuk, Richard G},
   title = {Beyond Nyquist: Efficient sampling of sparse bandlimited signals},
   journal = {Information Theory, IEEE Transactions on},
   volume = {56},
   number = {1},
   pages = {520-544},
   ISSN = {0018-9448},
   year = {2010},
   type = {Journal Article}
}

%-----Research Proposal------
@article{mamaghanian2011compressed,
  title={Compressed sensing for real-time energy-efficient ECG compression on wireless body sensor nodes},
  author={Mamaghanian, Hossein and Khaled, Nadia and Atienza, David and Vandergheynst, Pierre},
  journal={Biomedical Engineering, IEEE Transactions on},
  volume={58},
  number={9},
  pages={2456--2466},
  year={2011},
  publisher={IEEE}
}
@article{lustig2008compressed,
   author = {Lustig, Michael and Donoho, David L and Santos, Juan M and Pauly, John M},
   title = {Compressed sensing MRI},
   journal = {Signal Processing Magazine, IEEE},
   volume = {25},
   number = {2},
   pages = {72-82},
   ISSN = {1053-5888},
   year = {2008},
   type = {Journal Article}
}
@article{candes2008restricted,
  title={The restricted isometry property and its implications for compressed sensing},
  author={Candes, Emmanuel J},
  journal={Comptes Rendus Mathematique},
  volume={346},
  number={9},
  pages={589--592},
  year={2008},
  publisher={Elsevier}
}
@article{davenport2011introduction,
  title={Introduction to compressed sensing},
  author={Davenport, Mark A and Duarte, Marco F and Eldar, Yonina C and Kutyniok, Gitta},
  journal={Preprint},
  volume={93},
  year={2011}
}
@inproceedings{laska2011polyphase,
  title={The polyphase random demodulator for wideband compressive sensing},
  author={Laska, Jason N and Slavinsky, John P and Baraniuk, Richard G},
  booktitle={Signals, Systems and Computers (ASILOMAR), 2011 Conference Record of the Forty Fifth Asilomar Conference on},
  pages={515--519},
  year={2011},
  organization={IEEE}
}

%------intro-bib-add---


@article{moura2009signal,
title={What is signal processing?[President's Message]},
author={Moura, Jose MF},
journal={Signal Processing Magazine, IEEE},
volume={26},
number={6},
pages={6--6},
year={2009},
publisher={IEEE}
}

@book{oppenheim1989discrete,
  title={Discrete-time signal processing},
  author={Oppenheim, Alan V and Schafer, Ronald W and Buck, John R and others},
  volume={2},
  year={1989},
  publisher={Prentice-hall Englewood Cliffs}
}

@book{broesch2008digital,
  title={Digital Signal Processing: Instant Access: Instant Access},
  author={Broesch, James D},
  year={2008},
  publisher={Newnes}
}

@article{danckaert1999strategy,
  title={Strategy for power-efficient design of parallel systems},
  author={Danckaert, Koen and Masselos, Kostas and Cathoor, F and De Man, Hugo J and Goutis, Costas},
  journal={Very Large Scale Integration (VLSI) Systems, IEEE Transactions on},
  volume={7},
  number={2},
  pages={258--265},
  year={1999},
  publisher={IEEE}
}

@article{baraniuk2008single,
  title={Single-pixel imaging via compressive sampling},
  author={Baraniuk, Richard G},
  journal={IEEE Signal Processing Magazine},
  year={2008}
}

@article{lustig2007sparse,
  title={Sparse MRI: The application of compressed sensing for rapid MR imaging},
  author={Lustig, Michael and Donoho, David and Pauly, John M},
  journal={Magnetic resonance in medicine},
  volume={58},
  number={6},
  pages={1182--1195},
  year={2007},
  publisher={Wiley Online Library}
}

@article{akyildiz2006next,
  title={NeXt generation/dynamic spectrum access/cognitive radio wireless networks: a survey},
  author={Akyildiz, Ian F and Lee, Won-Yeol and Vuran, Mehmet C and Mohanty, Shantidev},
  journal={Computer Networks},
  volume={50},
  number={13},
  pages={2127--2159},
  year={2006},
  publisher={Elsevier}
}

@article{sun2013wideband,
  title={Wideband spectrum sensing for cognitive radio networks: a survey},
  author={Sun, Hongjian and Nallanathan, Arumugam and Wang, Cheng-Xiang and Chen, Yunfei},
  journal={Wireless Communications, IEEE},
  volume={20},
  number={2},
  pages={74--81},
  year={2013},
  publisher={IEEE}
}

@inproceedings{bajwa2006compressive,
  title={Compressive wireless sensing},
  author={Bajwa, Waheed and Haupt, Jarvis and Sayeed, Akbar and Nowak, Robert},
  booktitle={Proceedings of the 5th international conference on Information processing in sensor networks},
  pages={134--142},
  year={2006},
  organization={ACM}
}

@article{urkowitz1967energy,
  title={Energy detection of unknown deterministic signals},
  author={Urkowitz, Harry},
  journal={Proceedings of the IEEE},
  volume={55},
  number={4},
  pages={523--531},
  year={1967},
  publisher={IEEE}
}

@book{poor1994introduction,
  title={An introduction to signal detection and estimation},
  author={Poor, H Vincent},
  year={1994},
  publisher={Springer}
}

@inproceedings{enserink1994cyclostationary,
  title={A cyclostationary feature detector},
  author={Enserink, Scott and Cochran, Douglas},
  booktitle={Signals, Systems and Computers, 1994. 1994 Conference Record of the Twenty-Eighth Asilomar Conference on},
  volume={2},
  pages={806--810},
  year={1994},
  organization={IEEE}
}

@article{quan2009optimal,
  title={Optimal multiband joint detection for spectrum sensing in cognitive radio networks},
  author={Quan, Zhi and Cui, Shuguang and Sayed, Ali H and Poor, H Vincent},
  journal={Signal Processing, IEEE Transactions on},
  volume={57},
  number={3},
  pages={1128--1140},
  year={2009},
  publisher={IEEE}
}

@inproceedings{tian2006wavelet,
  title={A wavelet approach to wideband spectrum sensing for cognitive radios},
  author={Tian, Zhi and Giannakis, Georgios B},
  booktitle={Cognitive Radio Oriented Wireless Networks and Communications, 2006. 1st International Conference on},
  pages={1--5},
  year={2006},
  organization={IEEE}
}

@article{farhang2008filter,
  title={Filter bank spectrum sensing for cognitive radios},
  author={Farhang-Boroujeny, Behrouz},
  journal={Signal Processing, IEEE Transactions on},
  volume={56},
  number={5},
  pages={1801--1811},
  year={2008},
  publisher={IEEE}
}

@article{venkataramani2000perfect,
  title={Perfect reconstruction formulas and bounds on aliasing error in sub-Nyquist nonuniform sampling of multiband signals},
  author={Venkataramani, Raman and Bresler, Yoram},
  journal={Information Theory, IEEE Transactions on},
  volume={46},
  number={6},
  pages={2173--2183},
  year={2000},
  publisher={IEEE}
}

@article{fanzi2011distributed,
  title={Distributed compressive spectrum sensing in cooperative multihop cognitive networks},
  author={Fanzi, Zeng and Li, Chen and Tian, Zhi},
  journal={Selected Topics in Signal Processing, IEEE Journal of},
  volume={5},
  number={1},
  pages={37--48},
  year={2011},
  publisher={IEEE}
}

@inproceedings{stinco2014compressed,
  title={Compressed spectrum Sensing in Cognitive Radar systems},
  author={Stinco, Pietro and Greco, Maria and Gini, Fulvio and Manna, Mario La},
  booktitle={Acoustics, Speech and Signal Processing (ICASSP), 2014 IEEE International Conference on},
  pages={81--85},
  year={2014},
  organization={IEEE}
}

@article{valsesia2014compressive,
  title={Compressive Signal Processing with Circulant Sensing Matrices},
  author={Valsesia, Diego and Magli, Enrico},
  journal={arXiv preprint arXiv:1403.2835},
  year={2014}
}

@inproceedings{ohlsson2013compressive,
  title={Compressive shift retrieval},
  author={Ohlsson, Henrik and Eldar, Yonina C and Yang, Allen Y and Sastry, Shankar S},
  booktitle={Acoustics, Speech and Signal Processing (ICASSP), 2013 IEEE International Conference on},
  pages={6034--6038},
  year={2013},
  organization={IEEE}
}

@inproceedings{appaiah2013spectrum,
  title={Spectrum sensing in Cognitive Radio based on compressive measurements},
  author={Appaiah, Adarsh and Perincherry, Akhil and Keskar, Ajinkya Sanjeev and Krishna, Vijaya},
  booktitle={Emerging Trends in Communication, Control, Signal Processing \& Computing Applications (C2SPCA), 2013 International Conference on},
  pages={1--6},
  year={2013},
  organization={IEEE}
}

@inproceedings{guo2013feature,
  title={Feature-based compressive signal processing (CSP) measurement design for the pattern analysis of Cognitive Radio spectrum},
  author={Guo, Mengcheng and Hu, Fei and Wu, Yeqing and Kumar, Sunil and Matyjas, John D},
  booktitle={Global Communications Conference (GLOBECOM), 2013 IEEE},
  pages={1131--1136},
  year={2013},
  organization={IEEE}
}

@inproceedings{sharma2014compressive,
  title={Compressive sparsity order estimation for wideband cognitive radio receiver},
  author={Sharma, Shree Krishna and Chatzinotas, Symeon and Ottersten, Bjorn},
  booktitle={Communications (ICC), 2014 IEEE International Conference on},
  pages={1361--1366},
  year={2014},
  organization={IEEE}
}

@inproceedings{sharma2014compressive_snr,
  title={Compressive SNR estimation for wideband cognitive radio under correlated scenarios},
  author={Sharma, Shree Krishna and Chatzinotas, Symeon and Ottersten, Bjorn},
  booktitle={Wireless Communications and Networking Conference (WCNC), 2014 IEEE},
  pages={713--718},
  year={2014},
  organization={IEEE}
}

@book{chui1992introduction,
  title={An introduction to wavelets},
  author={Chui, Charles K},
  volume={1},
  year={1992},
  publisher={Academic press}
}

@article{gribonval2003sparse,
  title={Sparse representations in unions of bases},
  author={Gribonval, R{\'e}mi and Nielsen, Morten},
  journal={Information Theory, IEEE Transactions on},
  volume={49},
  number={12},
  pages={3320--3325},
  year={2003},
  publisher={IEEE}
}

@article{bandeira2012certifying,
  title={Certifying the restricted isometry property is hard},
  author={Bandeira, Afonso S and Dobriban, Edgar and Mixon, Dustin G and Sawin, William F},
  journal={arXiv preprint arXiv:1204.1580},
  year={2012}
}

@article{welch1974lower,
  title={Lower bounds on the maximum cross correlation of signals (Corresp.)},
  author={Welch, Lloyd},
  journal={IEEE Transactions on Information theory},
  pages={397--399},
  year={1974}
}

@article{xu2011deterministic,
  title={Deterministic sampling of sparse trigonometric polynomials},
  author={Xu, Zhiqiang},
  journal={Journal of Complexity},
  volume={27},
  number={2},
  pages={133--140},
  year={2011},
  publisher={Elsevier}
}

@article{weil1948some,
  title={On some exponential sums},
  author={Weil, Andr{\'e}},
  journal={Proceedings of the National Academy of Sciences of the United States of America},
  volume={34},
  number={5},
  pages={204},
  year={1948},
  publisher={National Academy of Sciences}
}

@article{candes2006near,
  title={Near-optimal signal recovery from random projections: Universal encoding strategies?},
  author={Candes, Emmanuel J and Tao, Terence},
  journal={Information Theory, IEEE Transactions on},
  volume={52},
  number={12},
  pages={5406--5425},
  year={2006},
  publisher={IEEE}
}

@article{rauhut2012restricted,
  title={Restricted isometries for partial random circulant matrices},
  author={Rauhut, Holger and Romberg, Justin and Tropp, Joel A},
  journal={Applied and Computational Harmonic Analysis},
  volume={32},
  number={2},
  pages={242--254},
  year={2012},
  publisher={Elsevier}
}

@article{rudelson2008sparse,
  title={On sparse reconstruction from Fourier and Gaussian measurements},
  author={Rudelson, Mark and Vershynin, Roman},
  journal={Communications on Pure and Applied Mathematics},
  volume={61},
  number={8},
  pages={1025--1045},
  year={2008},
  publisher={Wiley Online Library}
}

@article{figueiredo2007gradient,
  title={Gradient projection for sparse reconstruction: Application to compressed sensing and other inverse problems},
  author={Figueiredo, M{\'a}rio AT and Nowak, Robert D and Wright, Stephen J},
  journal={Selected Topics in Signal Processing, IEEE Journal of},
  volume={1},
  number={4},
  pages={586--597},
  year={2007},
  publisher={IEEE}
}

@article{aharon2006img,
  title={< img src="/images/tex/484. gif" alt="$\backslash$ rm K">-SVD: An Algorithm for Designing Overcomplete Dictionaries for Sparse Representation},
  author={Aharon, Michal and Elad, Michael and Bruckstein, Alfred},
  journal={Signal Processing, IEEE Transactions on},
  volume={54},
  number={11},
  pages={4311--4322},
  year={2006},
  publisher={IEEE}
}

@article{davis1997adaptive,
  title={Adaptive greedy approximations},
  author={Davis, Geoff and Mallat, Stephane and Avellaneda, Marco},
  journal={Constructive approximation},
  volume={13},
  number={1},
  pages={57--98},
  year={1997},
  publisher={Springer}
}

@article{devore2007deterministic,
  title={Deterministic constructions of compressed sensing matrices},
  author={DeVore, Ronald A},
  journal={Journal of Complexity},
  volume={23},
  number={4},
  pages={918--925},
  year={2007},
  publisher={Elsevier}
}

@article{haykin2005cognitive,
  title={Cognitive radio: brain-empowered wireless communications},
  author={Haykin, Simon},
  journal={Selected Areas in Communications, IEEE Journal on},
  volume={23},
  number={2},
  pages={201--220},
  year={2005},
  publisher={IEEE}
}